@article{Trout10,
    author = "A. D. Trout",
    title = "Positively Curved Combinatorial 3-Manifolds",
    journal = "Electronic Journal of Combinatorics",
    volume = "17",
    year = "2010",
    number = "R49",
    howpublished = "\url{http://www.combinatorics.org/ojs/index.php/eljc/article/view/v17i1r49/pdf}"
}

@article{grinspun2006discrete,
  title={Discrete differential geometry: an applied introduction},
  author={Grinspun, Eitan and Desbrun, Mathieu and Polthier, Konrad and Schr{\"o}der, Peter and Stern, Ari},
  journal={ACM SIGGRAPH Course},
  year={2006},
  publisher={Citeseer}
}

@Article{BMM,
    author	= {N. Brady and J. McCammond and J. Meier},
    title       = {Bounding edge degrees in triangulated 3-manifolds}, 
    journal     = {Proc. Amer. Math. Soc.},
    volume      = {132},
    number      = {1},
    year	= {2004},
    pages	= {291-298},
}

@Article{cheng,
    author	= {Y. Cheng},
    title       ={Eigenvalue comparison theorems and its [sic] geometric applications},
    journal     = {Math. Z.},
    volume      = {143},
    year	= {1975},
    pages	= {289-297},
}

@misc{Crowley,
    author	= {K. Crowley},
    title       = {Discrete Morse Theory and the Geometry of Nonpositively Curved Simplicial Complexes},
    note     = {Doctoral Thesis (Rice University)},
    year	= {2001},
}

@Article{EMM,
    author	= {M. Elder and J. McCammond and J. Meier},
    title       = {Combinatorial conditions that imply word-hyperbolicity for 3-manifolds.}, 
    journal     = {Topology},
    volume      = {42},
    year        = {2003},
    pages	= {1241-1259},
}

@Article{forman1,
    author	= {R. Forman},
    title       = {Morse theory for cell complexes}, 
    journal     = {Adv. in Math.},
    volume      = {134},
    year        = {1998},
    pages	= {90-145},
}

@InCollection{forman2,
    author	= {R. Forman},
    title        ={Combinatorial Differential Topology and Geometry},
    pages	= {177-206},
    year        = {1999},
    booktitle     = {{MSRI Publications Volume 38} -- New perspectives in algebraic combinatorics},
    publisher   = {Cambridge Univ. Press},
    editor = {L. J. Billera and A. Bj{\"o}rner and C. Greene and R. Simion and and R. P. Stanley},
}


@Article{groveshiohama,
    author	= {K. Grove and K. Shiohama},
    title       = {A generalized sphere theorem},
    journal     = {Ann. of Math.},
    volume      = {106},
    year        = {1977},
    pages	= {201-211},
}

@Article{gromov,
    author	= {M. Gromov},
    title       = {Curvature, diameter, and Betti numbers},
    journal     = {Comm. Math. Helvetici},
    volume      = {56},
    year        = {1981},
    pages	= {179-195},
}

@Article{LS,
    author	= {F. Luo and R. Stong},
    title       = {Combinatorics of triangulations of 3-manifolds},
    journal     = {Trans. Amer. Math. Soc.},
    volume      = {337},
    year        = {1993},
    number	= {2},
    pages	= {891-906},
}

@Article{stone,
    author	= {D. A. Stone},
    title       = {Sectional curvature in piecewise linear manifolds},
    journal     = {Bull. Amer. Math. Soc.},
    volume      = {79},
    year        = {1973},
    pages	= {1060-1063},
}

@Article{DDS,
    author	= {M. Deza and M. Dutour and M. Shtogrin},
    title       = {On simplicial and cubical complexes with short links},
    journal     = {Israel Journal of Mathematics},
    volume      = {144},
    year        = {2004},
    pages	= {109-124}
}

@Article{toponogov,
    author	= {V. A. Toponogov},
    title       = {Riemannian spaces having their curvature bounded below by a positive number},
    journal     = {Uspekhi Math. Nauk},
    volume      = {14},
    year        = {1959},
    pages	= {87-135},
    note        = {English Translation: Amer Math. Soc.Transl. Ser. 37 (1964) 287-290},
}

@Unpublished{LutzSul_unpub,
    author	= {F. H. Lutz and J. M. Sullivan},
    title       = {Simplicial manifolds with small valences},
    note        = {In preparation.},
}

@article{sulanke2009isomorphism,
  title={Isomorphism-free lexicographic enumeration of triangulated surfaces and 3-manifolds},
  author={Sulanke, Thom and Lutz, Frank H},
  journal={European Journal of Combinatorics},
  volume={30},
  number={8},
  pages={1965--1979},
  year={2009},
  publisher={Elsevier}
}

@article{Lutz07,
	title={Periodic foams and simplicial manifolds with small valence},
	author={Lutz, Frank H},
	journal={Oberwolfach Reports},
	volume={4},
	number={1},
	pages={228--230},
	year={2007}
}

@Misc{Lutz_online,
author = {Lutz, Frink H},
title = {All 4787 simplicial 3-manifolds with edge degrees up to five},
howpublished = {\url{http://page.math.tu-berlin.de/~lutz/stellar/manifolds_lex_d3_deg5/manifolds_lex_d3_deg5.gz}},
note = {Accessed on April 15, 2013},
}

@Article{GGL1,
    author	= {A. Gabrielov and I. Gelfand and M. Losik.},
    title       = {Combinatorial computation of characteristic classes {I}},
    journal     = {Functional Anal. Appl.},
    volume      = {9},
    year        = {1975},
    number      = {2},
    pages       = {103-116},
}

@Article{GGL2,
    author	= {A. Gabrielov and I. Gelfand and M. Losik.},
    title       = {Combinatorial computation of characteristic classes {II}},
    journal     = {Functional Anal. Appl.},
    volume      = {9},
    year        = {1975},
    number      = {3},
    pages       = {186-202},
}
        
@Article{GGL3,
    author	= {A. Gabrielov and I. Gelfand and M. Losik.},
    title       = {A local combinatorial formula for the first Pontrjagin class},
    journal     = {Functional Anal. Appl.},
    volume      = {10},
    year        = {1976},
    number      = {1},
    pages       = {12-15},
}